%
% Pode apagar esses exemplos,
% e colocar sua bibliografia.
%

@book{munkres,
  author = {Munkres, James R.},
  title = {Topology},
  publisher = {Prentice Hall},
  year = {2000},
  address = {Massachusetts, EUA},
  isbn = {0131816292}
}

@article {moorhouse,
  author = {Moorhouse, G. Eric},
  title = {Ultrafilters and Tychonoff's Theorem},
  journal = {class notes},
  publisher = {University of Wyoming},
  pages = {1-13},
  volume = {},
  year = {2015}
}

@article {caldas,
  author = {Caldas, A.},
  title = {Topologia Geral por vários ângulos},
  journal = {notas de aula},
  publisher = {University de Brasília},
  pages = {1-136},
  volume = {},
  year = {2019}
}

@misc{WikiTychonoff,
  author = {Wikipedia},
  title = {Tychonoff's theorem},
  howpublished = {\url{https://en.wikipedia.org/wiki/Tychonoff\%27s_theorem#Proofs_of_Tychonoff's_theorem}},
  note = {Acesso em: 24/12/2021}
}

@misc{WikiAlexander,
  author = {Wikipedia},
  title = {Alexander's subbase theorem},
  howpublished = {\url{https://en.wikipedia.org/wiki/Subbase#Alexander_subbase_theorem}},
  note = {Acesso em: 24/12/2021}
}

@misc{videoultra,
  author = {André Caldas},
  title = {Compactificação através de ultrafiltros},
  howpublished = {\url{https://www.youtube.com/watch?v=mZ9_hyCw2UI&list=PLMG2ETzS-iy_DGR8bGJtx8Cpi-ijUOhmo&index=1&t=3s}},
  note = {Acesso em: 24/12/2021}
}